

@misc{State of the Art 1,
	author = {Suchita R.Wankhade, Nekita A.Chavhan},
	title = {A REVIEW ON DATA COLLECTION METHOD WITH
	SINK NODE IN WIRELESS SENSOR NETWORK},
	journaltitle = {International Journal of Distributed and Parallel Systems},
	date = { January 2013},
	volume = {4},
	number = {1},
	pages = {67-74},
}



@misc{State of the Art 2,
	author = {Ying Zhang, Fengjun Wang , Miao Li},
	title = {Research on Reliability Optimization Method for
	Mesh Network Communication Based on Node
	Congestion Degree },
	journaltitle = {IEEE},
	date = {2010},
}


@misc{State of the Prior 1,
	author = {Suzanne Shelley},
	title = {Vibration Monitoring: Keeping a finger on the pulse of plant operations},
	journaltitle = {Chemical Engineering Progress},
	date = {October 2006},
	volume = {102},
	number = {10},
	pages = {8},
}


@misc{State of the Prior 2,
	author = {David C. Mazur, John A. Kay, Kenneth D. Mazur},
	title = {Advancements in Vibration Monitoring
	for the Mining Industry},
	journaltitle = {IEEE TRANSACTIONS ON INDUSTRY APPLICATIONS},
	date = {September/October 2015},
	volume = {51},
	number = {5},
	pages = {4321-4328},
}
